@article{1986Natur.323..310S,
author = {Schutz, B. F.},
title = {{Determining the Hubble constant from gravitational wave observations}},
journal = {Nature (ISSN 0028-0836)},
year = {1986},
volume = {323},
pages = {310},
month = sep
}

@ARTICLE{2015PhRvD..91h4034L,
   author = {{Littenberg}, T.~B. and {Cornish}, N.~J.},
    title = "{Bayesian inference for spectral estimation of gravitational wave detector noise}",
  journal = {\prd},
archivePrefix = "arXiv",
   eprint = {1410.3852},
 primaryClass = "gr-qc",
 keywords = {Gravitational waves: theory, Gravitational wave detectors and experiments, Gravitational radiation detectors, mass spectrometers, and other instrumentation and techniques},
     year = 2015,
    month = apr,
   volume = 91,
   number = 8,
      eid = {084034},
    pages = {084034},
      doi = {10.1103/PhysRevD.91.084034},
   adsurl = {http://adsabs.harvard.edu/abs/2015PhRvD..91h4034L},
  adsnote = {Provided by the SAO/NASA Astrophysics Data System}
}

@ARTICLE{Vitale:2012,
   author = {{Vitale}, S. and {Del Pozzo}, W. and {Li}, T.~G.~F. and {Van Den Broeck}, C. and 
	{Mandel}, I. and {Aylott}, B. and {Veitch}, J.},
    title = "{Effect of calibration errors on Bayesian parameter estimation for gravitational wave signals from inspiral binary systems in the advanced detectors era}",
  journal = {\prd},
archivePrefix = "arXiv",
   eprint = {1111.3044},
 primaryClass = "gr-qc",
 keywords = {Wave generation and sources, Experimental tests of gravitational theories},
     year = 2012,
    month = mar,
   volume = 85,
   number = 6,
      eid = {064034},
    pages = {064034},
      doi = {10.1103/PhysRevD.85.064034},
   adsurl = {http://adsabs.harvard.edu/abs/2012PhRvD..85f4034V},
  adsnote = {Provided by the SAO/NASA Astrophysics Data System}
}

@ARTICLE{2013PhRvD..88h4044L,
   author = {{Littenberg}, T.~B. and {Coughlin}, M. and {Farr}, B. and {Farr}, W.~M.
	},
    title = "{Fortifying the characterization of binary mergers in LIGO data}",
  journal = {\prd},
archivePrefix = "arXiv",
   eprint = {1307.8195},
 primaryClass = "astro-ph.IM",
 keywords = {Gravitational waves: theory, Gravitational wave detectors and experiments},
     year = 2013,
    month = oct,
   volume = 88,
   number = 8,
      eid = {084044},
    pages = {084044},
      doi = {10.1103/PhysRevD.88.084044},
   adsurl = {http://adsabs.harvard.edu/abs/2013PhRvD..88h4044L},
  adsnote = {Provided by the SAO/NASA Astrophysics Data System}
}
